@article{ramaswamy2016convex,
  title={Convex calibration dimension for multiclass loss matrices},
  author={Ramaswamy, Harish G and Agarwal, Shivani},
  journal={The Journal of Machine Learning Research},
  volume={17},
  number={1},
  pages={397--441},
  year={2016},
  publisher={JMLR. org}
}
,
@article{ramaswamy2018consistent,
  title={Consistent algorithms for multiclass classification with an abstain option},
  author={Ramaswamy, Harish G and Tewari, Ambuj and Agarwal, Shivani and others},
  journal={Electronic Journal of Statistics},
  volume={12},
  number={1},
  pages={530--554},
  year={2018},
  publisher={The Institute of Mathematical Statistics and the Bernoulli Society}
}
,
@incollection{finocchiaro2018convex,
title = {Convex Elicitation of Continuous Properties},
author = {Finocchiaro, Jessica and Frongillo, Rafael},
booktitle = {Advances in Neural Information Processing Systems 31},
editor = {S. Bengio and H. Wallach and H. Larochelle and K. Grauman and N. Cesa-Bianchi and R. Garnett},
pages = {10425--10434},
year = {2018},
publisher = {Curran Associates, Inc.},
url = {http://papers.nips.cc/paper/8241-convex-elicitation-of-continuous-properties.pdf}
}
