@article{bach2013learning,
  title={Learning with submodular functions: A convex optimization perspective},
  author={Bach, Francis},
  journal={Foundations and Trends{\textregistered} in Machine Learning},
  volume={6},
  number={2-3},
  pages={145--373},
  year={2013},
  publisher={Now Publishers, Inc.}
}