@book{castaing2006convex,
  title={Convex analysis and measurable multifunctions},
  author={Castaing, Charles and Valadier, Michel},
  volume={580},
  year={2006},
  publisher={Springer}
}
,
@article{ROCKAFELLAR1969measurable,
	title = {Measurable dependence of convex sets and functions on parameters},
	journal = {Journal of Mathematical Analysis and Applications},
	volume = {28},
	number = {1},
	pages = {4-25},
	year = {1969},
	issn = {0022-247X},
	doi = {https://doi.org/10.1016/0022-247X(69)90104-8},
	url = {https://www.sciencedirect.com/science/article/pii/0022247X69901048},
	author = {R.T Rockafellar}
}